%YAML 1.1
%TAG !u! tag:unity3d.com,2011:
--- !u!29 &1
OcclusionCullingSettings:
  m_ObjectHideFlags: 0
  serializedVersion: 2
  m_OcclusionBakeSettings:
    smallestOccluder: 5
    smallestHole: 0.25
    backfaceThreshold: 100
  m_SceneGUID: 00000000000000000000000000000000
  m_OcclusionCullingData: {fileID: 0}
--- !u!104 &2
RenderSettings:
  m_ObjectHideFlags: 0
  serializedVersion: 9
  m_Fog: 0
  m_FogColor: {r: 0.5, g: 0.5, b: 0.5, a: 1}
  m_FogMode: 3
  m_FogDensity: 0.01
  m_LinearFogStart: 0
  m_LinearFogEnd: 300
  m_AmbientSkyColor: {r: 0.212, g: 0.227, b: 0.259, a: 1}
  m_AmbientEquatorColor: {r: 0.114, g: 0.125, b: 0.133, a: 1}
  m_AmbientGroundColor: {r: 0.047, g: 0.043, b: 0.035, a: 1}
  m_AmbientIntensity: 1
  m_AmbientMode: 0
  m_SubtractiveShadowColor: {r: 0.42, g: 0.478, b: 0.627, a: 1}
  m_SkyboxMaterial: {fileID: 10304, guid: 0000000000000000f000000000000000, type: 0}
  m_HaloStrength: 0.5
  m_FlareStrength: 1
  m_FlareFadeSpeed: 3
  m_HaloTexture: {fileID: 0}
  m_SpotCookie: {fileID: 10001, guid: 0000000000000000e000000000000000, type: 0}
  m_DefaultReflectionMode: 0
  m_DefaultReflectionResolution: 128
  m_ReflectionBounces: 1
  m_ReflectionIntensity: 1
  m_CustomReflection: {fileID: 0}
  m_Sun: {fileID: 0}
  m_IndirectSpecularColor: {r: 0.44657874, g: 0.49641258, b: 0.5748172, a: 1}
  m_UseRadianceAmbientProbe: 0
--- !u!157 &3
LightmapSettings:
  m_ObjectHideFlags: 0
  serializedVersion: 12
  m_GIWorkflowMode: 1
  m_GISettings:
    serializedVersion: 2
    m_BounceScale: 1
    m_IndirectOutputScale: 1
    m_AlbedoBoost: 1
    m_EnvironmentLightingMode: 0
    m_EnableBakedLightmaps: 1
    m_EnableRealtimeLightmaps: 0
  m_LightmapEditorSettings:
    serializedVersion: 12
    m_Resolution: 2
    m_BakeResolution: 40
    m_AtlasSize: 1024
    m_AO: 0
    m_AOMaxDistance: 1
    m_CompAOExponent: 1
    m_CompAOExponentDirect: 0
    m_ExtractAmbientOcclusion: 0
    m_Padding: 2
    m_LightmapParameters: {fileID: 0}
    m_LightmapsBakeMode: 1
    m_TextureCompression: 1
    m_FinalGather: 0
    m_FinalGatherFiltering: 1
    m_FinalGatherRayCount: 256
    m_ReflectionCompression: 2
    m_MixedBakeMode: 2
    m_BakeBackend: 1
    m_PVRSampling: 1
    m_PVRDirectSampleCount: 32
    m_PVRSampleCount: 512
    m_PVRBounces: 2
    m_PVREnvironmentSampleCount: 256
    m_PVREnvironmentReferencePointCount: 2048
    m_PVRFilteringMode: 1
    m_PVRDenoiserTypeDirect: 1
    m_PVRDenoiserTypeIndirect: 1
    m_PVRDenoiserTypeAO: 1
    m_PVRFilterTypeDirect: 0
    m_PVRFilterTypeIndirect: 0
    m_PVRFilterTypeAO: 0
    m_PVREnvironmentMIS: 1
    m_PVRCulling: 1
    m_PVRFilteringGaussRadiusDirect: 1
    m_PVRFilteringGaussRadiusIndirect: 5
    m_PVRFilteringGaussRadiusAO: 2
    m_PVRFilteringAtrousPositionSigmaDirect: 0.5
    m_PVRFilteringAtrousPositionSigmaIndirect: 2
    m_PVRFilteringAtrousPositionSigmaAO: 1
    m_ExportTrainingData: 0
    m_TrainingDataDestination: TrainingData
    m_LightProbeSampleCountMultiplier: 4
  m_LightingDataAsset: {fileID: 0}
  m_LightingSettings: {fileID: 0}
--- !u!196 &4
NavMeshSettings:
  serializedVersion: 2
  m_ObjectHideFlags: 0
  m_BuildSettings:
    serializedVersion: 2
    agentTypeID: 0
    agentRadius: 0.5
    agentHeight: 2
    agentSlope: 45
    agentClimb: 0.4
    ledgeDropHeight: 0
    maxJumpAcrossDistance: 0
    minRegionArea: 2
    manualCellSize: 0
    cellSize: 0.16666667
    manualTileSize: 0
    tileSize: 256
    accuratePlacement: 0
    maxJobWorkers: 0
    preserveTilesOutsideBounds: 0
    debug:
      m_Flags: 0
  m_NavMeshData: {fileID: 23800000, guid: a4cb63bf0aaabd540afc11b0194a0c7c, type: 2}
--- !u!1001 &217460589
PrefabInstance:
  m_ObjectHideFlags: 0
  serializedVersion: 2
  m_Modification:
    m_TransformParent: {fileID: 0}
    m_Modifications:
    - target: {fileID: 9127671125169785977, guid: 1f2f46f00048aac478df07e08a271f8c, type: 3}
      propertyPath: m_Name
      value: Menu_Pause
      objectReference: {fileID: 0}
    - target: {fileID: 9127671125169785977, guid: 1f2f46f00048aac478df07e08a271f8c, type: 3}
      propertyPath: m_IsActive
      value: 0
      objectReference: {fileID: 0}
    - target: {fileID: 9127671125169785981, guid: 1f2f46f00048aac478df07e08a271f8c, type: 3}
      propertyPath: m_Pivot.x
      value: 0
      objectReference: {fileID: 0}
    - target: {fileID: 9127671125169785981, guid: 1f2f46f00048aac478df07e08a271f8c, type: 3}
      propertyPath: m_Pivot.y
      value: 0
      objectReference: {fileID: 0}
    - target: {fileID: 9127671125169785981, guid: 1f2f46f00048aac478df07e08a271f8c, type: 3}
      propertyPath: m_RootOrder
      value: 4
      objectReference: {fileID: 0}
    - target: {fileID: 9127671125169785981, guid: 1f2f46f00048aac478df07e08a271f8c, type: 3}
      propertyPath: m_AnchorMax.x
      value: 0
      objectReference: {fileID: 0}
    - target: {fileID: 9127671125169785981, guid: 1f2f46f00048aac478df07e08a271f8c, type: 3}
      propertyPath: m_AnchorMax.y
      value: 0
      objectReference: {fileID: 0}
    - target: {fileID: 9127671125169785981, guid: 1f2f46f00048aac478df07e08a271f8c, type: 3}
      propertyPath: m_AnchorMin.x
      value: 0
      objectReference: {fileID: 0}
    - target: {fileID: 9127671125169785981, guid: 1f2f46f00048aac478df07e08a271f8c, type: 3}
      propertyPath: m_AnchorMin.y
      value: 0
      objectReference: {fileID: 0}
    - target: {fileID: 9127671125169785981, guid: 1f2f46f00048aac478df07e08a271f8c, type: 3}
      propertyPath: m_SizeDelta.x
      value: 0
      objectReference: {fileID: 0}
    - target: {fileID: 9127671125169785981, guid: 1f2f46f00048aac478df07e08a271f8c, type: 3}
      propertyPath: m_SizeDelta.y
      value: 0
      objectReference: {fileID: 0}
    - target: {fileID: 9127671125169785981, guid: 1f2f46f00048aac478df07e08a271f8c, type: 3}
      propertyPath: m_LocalPosition.x
      value: 0
      objectReference: {fileID: 0}
    - target: {fileID: 9127671125169785981, guid: 1f2f46f00048aac478df07e08a271f8c, type: 3}
      propertyPath: m_LocalPosition.y
      value: 0
      objectReference: {fileID: 0}
    - target: {fileID: 9127671125169785981, guid: 1f2f46f00048aac478df07e08a271f8c, type: 3}
      propertyPath: m_LocalPosition.z
      value: 0
      objectReference: {fileID: 0}
    - target: {fileID: 9127671125169785981, guid: 1f2f46f00048aac478df07e08a271f8c, type: 3}
      propertyPath: m_LocalRotation.w
      value: 1
      objectReference: {fileID: 0}
    - target: {fileID: 9127671125169785981, guid: 1f2f46f00048aac478df07e08a271f8c, type: 3}
      propertyPath: m_LocalRotation.x
      value: 0
      objectReference: {fileID: 0}
    - target: {fileID: 9127671125169785981, guid: 1f2f46f00048aac478df07e08a271f8c, type: 3}
      propertyPath: m_LocalRotation.y
      value: 0
      objectReference: {fileID: 0}
    - target: {fileID: 9127671125169785981, guid: 1f2f46f00048aac478df07e08a271f8c, type: 3}
      propertyPath: m_LocalRotation.z
      value: 0
      objectReference: {fileID: 0}
    - target: {fileID: 9127671125169785981, guid: 1f2f46f00048aac478df07e08a271f8c, type: 3}
      propertyPath: m_AnchoredPosition.x
      value: 0
      objectReference: {fileID: 0}
    - target: {fileID: 9127671125169785981, guid: 1f2f46f00048aac478df07e08a271f8c, type: 3}
      propertyPath: m_AnchoredPosition.y
      value: 0
      objectReference: {fileID: 0}
    - target: {fileID: 9127671125169785981, guid: 1f2f46f00048aac478df07e08a271f8c, type: 3}
      propertyPath: m_LocalEulerAnglesHint.x
      value: 0
      objectReference: {fileID: 0}
    - target: {fileID: 9127671125169785981, guid: 1f2f46f00048aac478df07e08a271f8c, type: 3}
      propertyPath: m_LocalEulerAnglesHint.y
      value: 0
      objectReference: {fileID: 0}
    - target: {fileID: 9127671125169785981, guid: 1f2f46f00048aac478df07e08a271f8c, type: 3}
      propertyPath: m_LocalEulerAnglesHint.z
      value: 0
      objectReference: {fileID: 0}
    m_RemovedComponents: []
  m_SourcePrefab: {fileID: 100100000, guid: 1f2f46f00048aac478df07e08a271f8c, type: 3}
--- !u!1 &352601504
GameObject:
  m_ObjectHideFlags: 0
  m_CorrespondingSourceObject: {fileID: 0}
  m_PrefabInstance: {fileID: 0}
  m_PrefabAsset: {fileID: 0}
  serializedVersion: 6
  m_Component:
  - component: {fileID: 352601507}
  - component: {fileID: 352601506}
  - component: {fileID: 352601505}
  m_Layer: 0
  m_Name: Camera
  m_TagString: Untagged
  m_Icon: {fileID: 0}
  m_NavMeshLayer: 0
  m_StaticEditorFlags: 0
  m_IsActive: 1
--- !u!81 &352601505
AudioListener:
  m_ObjectHideFlags: 0
  m_CorrespondingSourceObject: {fileID: 0}
  m_PrefabInstance: {fileID: 0}
  m_PrefabAsset: {fileID: 0}
  m_GameObject: {fileID: 352601504}
  m_Enabled: 1
--- !u!20 &352601506
Camera:
  m_ObjectHideFlags: 0
  m_CorrespondingSourceObject: {fileID: 0}
  m_PrefabInstance: {fileID: 0}
  m_PrefabAsset: {fileID: 0}
  m_GameObject: {fileID: 352601504}
  m_Enabled: 1
  serializedVersion: 2
  m_ClearFlags: 1
  m_BackGroundColor: {r: 0.19215687, g: 0.3019608, b: 0.4745098, a: 0}
  m_projectionMatrixMode: 1
  m_GateFitMode: 2
  m_FOVAxisMode: 0
  m_SensorSize: {x: 36, y: 24}
  m_LensShift: {x: 0, y: 0}
  m_FocalLength: 50
  m_NormalizedViewPortRect:
    serializedVersion: 2
    x: 0
    y: 0
    width: 1
    height: 1
  near clip plane: 0.3
  far clip plane: 1000
  field of view: 60
  orthographic: 0
  orthographic size: 5
  m_Depth: 0
  m_CullingMask:
    serializedVersion: 2
    m_Bits: 4294967295
  m_RenderingPath: -1
  m_TargetTexture: {fileID: 0}
  m_TargetDisplay: 0
  m_TargetEye: 3
  m_HDR: 1
  m_AllowMSAA: 1
  m_AllowDynamicResolution: 0
  m_ForceIntoRT: 0
  m_OcclusionCulling: 1
  m_StereoConvergence: 10
  m_StereoSeparation: 0.022
--- !u!4 &352601507
Transform:
  m_ObjectHideFlags: 0
  m_CorrespondingSourceObject: {fileID: 0}
  m_PrefabInstance: {fileID: 0}
  m_PrefabAsset: {fileID: 0}
  m_GameObject: {fileID: 352601504}
  m_LocalRotation: {x: -0.25240174, y: 0.6605251, z: -0.25240174, w: -0.6605251}
  m_LocalPosition: {x: 21.12, y: 23.52, z: -38.8346}
  m_LocalScale: {x: 1, y: 1, z: 1}
  m_Children: []
  m_Father: {fileID: 0}
  m_RootOrder: 1
  m_LocalEulerAnglesHint: {x: 0, y: 0, z: 0}
--- !u!1001 &1002156455
PrefabInstance:
  m_ObjectHideFlags: 0
  serializedVersion: 2
  m_Modification:
    m_TransformParent: {fileID: 0}
    m_Modifications:
    - target: {fileID: 9154570321142401971, guid: 7aafe7ec8b8c59c4fbdf9a3263589d5f, type: 3}
      propertyPath: m_Pivot.x
      value: 0
      objectReference: {fileID: 0}
    - target: {fileID: 9154570321142401971, guid: 7aafe7ec8b8c59c4fbdf9a3263589d5f, type: 3}
      propertyPath: m_Pivot.y
      value: 0
      objectReference: {fileID: 0}
    - target: {fileID: 9154570321142401971, guid: 7aafe7ec8b8c59c4fbdf9a3263589d5f, type: 3}
      propertyPath: m_RootOrder
      value: 3
      objectReference: {fileID: 0}
    - target: {fileID: 9154570321142401971, guid: 7aafe7ec8b8c59c4fbdf9a3263589d5f, type: 3}
      propertyPath: m_AnchorMax.x
      value: 0
      objectReference: {fileID: 0}
    - target: {fileID: 9154570321142401971, guid: 7aafe7ec8b8c59c4fbdf9a3263589d5f, type: 3}
      propertyPath: m_AnchorMax.y
      value: 0
      objectReference: {fileID: 0}
    - target: {fileID: 9154570321142401971, guid: 7aafe7ec8b8c59c4fbdf9a3263589d5f, type: 3}
      propertyPath: m_AnchorMin.x
      value: 0
      objectReference: {fileID: 0}
    - target: {fileID: 9154570321142401971, guid: 7aafe7ec8b8c59c4fbdf9a3263589d5f, type: 3}
      propertyPath: m_AnchorMin.y
      value: 0
      objectReference: {fileID: 0}
    - target: {fileID: 9154570321142401971, guid: 7aafe7ec8b8c59c4fbdf9a3263589d5f, type: 3}
      propertyPath: m_SizeDelta.x
      value: 0
      objectReference: {fileID: 0}
    - target: {fileID: 9154570321142401971, guid: 7aafe7ec8b8c59c4fbdf9a3263589d5f, type: 3}
      propertyPath: m_SizeDelta.y
      value: 0
      objectReference: {fileID: 0}
    - target: {fileID: 9154570321142401971, guid: 7aafe7ec8b8c59c4fbdf9a3263589d5f, type: 3}
      propertyPath: m_LocalPosition.x
      value: 0
      objectReference: {fileID: 0}
    - target: {fileID: 9154570321142401971, guid: 7aafe7ec8b8c59c4fbdf9a3263589d5f, type: 3}
      propertyPath: m_LocalPosition.y
      value: 0
      objectReference: {fileID: 0}
    - target: {fileID: 9154570321142401971, guid: 7aafe7ec8b8c59c4fbdf9a3263589d5f, type: 3}
      propertyPath: m_LocalPosition.z
      value: 0
      objectReference: {fileID: 0}
    - target: {fileID: 9154570321142401971, guid: 7aafe7ec8b8c59c4fbdf9a3263589d5f, type: 3}
      propertyPath: m_LocalRotation.w
      value: 1
      objectReference: {fileID: 0}
    - target: {fileID: 9154570321142401971, guid: 7aafe7ec8b8c59c4fbdf9a3263589d5f, type: 3}
      propertyPath: m_LocalRotation.x
      value: 0
      objectReference: {fileID: 0}
    - target: {fileID: 9154570321142401971, guid: 7aafe7ec8b8c59c4fbdf9a3263589d5f, type: 3}
      propertyPath: m_LocalRotation.y
      value: 0
      objectReference: {fileID: 0}
    - target: {fileID: 9154570321142401971, guid: 7aafe7ec8b8c59c4fbdf9a3263589d5f, type: 3}
      propertyPath: m_LocalRotation.z
      value: 0
      objectReference: {fileID: 0}
    - target: {fileID: 9154570321142401971, guid: 7aafe7ec8b8c59c4fbdf9a3263589d5f, type: 3}
      propertyPath: m_AnchoredPosition.x
      value: 0
      objectReference: {fileID: 0}
    - target: {fileID: 9154570321142401971, guid: 7aafe7ec8b8c59c4fbdf9a3263589d5f, type: 3}
      propertyPath: m_AnchoredPosition.y
      value: 0
      objectReference: {fileID: 0}
    - target: {fileID: 9154570321142401971, guid: 7aafe7ec8b8c59c4fbdf9a3263589d5f, type: 3}
      propertyPath: m_LocalEulerAnglesHint.x
      value: 0
      objectReference: {fileID: 0}
    - target: {fileID: 9154570321142401971, guid: 7aafe7ec8b8c59c4fbdf9a3263589d5f, type: 3}
      propertyPath: m_LocalEulerAnglesHint.y
      value: 0
      objectReference: {fileID: 0}
    - target: {fileID: 9154570321142401971, guid: 7aafe7ec8b8c59c4fbdf9a3263589d5f, type: 3}
      propertyPath: m_LocalEulerAnglesHint.z
      value: 0
      objectReference: {fileID: 0}
    - target: {fileID: 9154570321142401975, guid: 7aafe7ec8b8c59c4fbdf9a3263589d5f, type: 3}
      propertyPath: m_Name
      value: Menu_Death
      objectReference: {fileID: 0}
    - target: {fileID: 9154570321142401975, guid: 7aafe7ec8b8c59c4fbdf9a3263589d5f, type: 3}
      propertyPath: m_IsActive
      value: 0
      objectReference: {fileID: 0}
    m_RemovedComponents: []
  m_SourcePrefab: {fileID: 100100000, guid: 7aafe7ec8b8c59c4fbdf9a3263589d5f, type: 3}
--- !u!1001 &1039917332
PrefabInstance:
  m_ObjectHideFlags: 0
  serializedVersion: 2
  m_Modification:
    m_TransformParent: {fileID: 0}
    m_Modifications:
    - target: {fileID: 1821227469667908322, guid: bea9c2bebc41e144abf6725bbd6485f4, type: 3}
      propertyPath: m_Materials.Array.data[0]
      value: 
      objectReference: {fileID: 2100000, guid: 51e5ce4b1a96ecf41a802b787aad1674, type: 2}
    - target: {fileID: 1821227469695387869, guid: bea9c2bebc41e144abf6725bbd6485f4, type: 3}
      propertyPath: m_Materials.Array.data[0]
      value: 
      objectReference: {fileID: 2100000, guid: deabf732ae9eb9841919318e5d7abc9c, type: 2}
    - target: {fileID: 1821227469753931854, guid: bea9c2bebc41e144abf6725bbd6485f4, type: 3}
      propertyPath: m_Materials.Array.data[0]
      value: 
      objectReference: {fileID: 2100000, guid: 51e5ce4b1a96ecf41a802b787aad1674, type: 2}
    - target: {fileID: 1821227469776370117, guid: bea9c2bebc41e144abf6725bbd6485f4, type: 3}
      propertyPath: m_Materials.Array.data[0]
      value: 
      objectReference: {fileID: 2100000, guid: 51e5ce4b1a96ecf41a802b787aad1674, type: 2}
    - target: {fileID: 1821227469796397937, guid: bea9c2bebc41e144abf6725bbd6485f4, type: 3}
      propertyPath: m_Materials.Array.data[0]
      value: 
      objectReference: {fileID: 2100000, guid: 51e5ce4b1a96ecf41a802b787aad1674, type: 2}
    - target: {fileID: 1821227469857801078, guid: bea9c2bebc41e144abf6725bbd6485f4, type: 3}
      propertyPath: m_Materials.Array.data[0]
      value: 
      objectReference: {fileID: 2100000, guid: ca99120459efa884aa7d57618af04703, type: 2}
    - target: {fileID: 1821227470044524211, guid: bea9c2bebc41e144abf6725bbd6485f4, type: 3}
      propertyPath: m_StaticEditorFlags
      value: 8
      objectReference: {fileID: 0}
    - target: {fileID: 1821227470044524212, guid: bea9c2bebc41e144abf6725bbd6485f4, type: 3}
      propertyPath: m_Materials.Array.data[0]
      value: 
      objectReference: {fileID: 2100000, guid: ab037864e3ab77e45af66143b479a002, type: 2}
    - target: {fileID: 1821227470279021839, guid: bea9c2bebc41e144abf6725bbd6485f4, type: 3}
      propertyPath: m_Materials.Array.data[0]
      value: 
      objectReference: {fileID: 2100000, guid: ca99120459efa884aa7d57618af04703, type: 2}
    - target: {fileID: 1821227470337217168, guid: bea9c2bebc41e144abf6725bbd6485f4, type: 3}
      propertyPath: m_StaticEditorFlags
      value: 8
      objectReference: {fileID: 0}
    - target: {fileID: 1821227470337217173, guid: bea9c2bebc41e144abf6725bbd6485f4, type: 3}
      propertyPath: m_Materials.Array.data[0]
      value: 
      objectReference: {fileID: 2100000, guid: ab037864e3ab77e45af66143b479a002, type: 2}
    - target: {fileID: 1821227470351922725, guid: bea9c2bebc41e144abf6725bbd6485f4, type: 3}
      propertyPath: m_Materials.Array.data[0]
      value: 
      objectReference: {fileID: 2100000, guid: ca99120459efa884aa7d57618af04703, type: 2}
    - target: {fileID: 1821227470463100207, guid: bea9c2bebc41e144abf6725bbd6485f4, type: 3}
      propertyPath: m_Materials.Array.data[0]
      value: 
      objectReference: {fileID: 2100000, guid: ca99120459efa884aa7d57618af04703, type: 2}
    - target: {fileID: 1821227470494163445, guid: bea9c2bebc41e144abf6725bbd6485f4, type: 3}
      propertyPath: m_Materials.Array.data[0]
      value: 
      objectReference: {fileID: 2100000, guid: 51e5ce4b1a96ecf41a802b787aad1674, type: 2}
    - target: {fileID: 1821227470503482978, guid: bea9c2bebc41e144abf6725bbd6485f4, type: 3}
      propertyPath: m_Materials.Array.data[0]
      value: 
      objectReference: {fileID: 2100000, guid: 51e5ce4b1a96ecf41a802b787aad1674, type: 2}
    - target: {fileID: 1821227470562066014, guid: bea9c2bebc41e144abf6725bbd6485f4, type: 3}
      propertyPath: m_Materials.Array.data[0]
      value: 
      objectReference: {fileID: 2100000, guid: 51e5ce4b1a96ecf41a802b787aad1674, type: 2}
    - target: {fileID: 1821227470849122123, guid: bea9c2bebc41e144abf6725bbd6485f4, type: 3}
      propertyPath: m_Materials.Array.data[0]
      value: 
      objectReference: {fileID: 2100000, guid: 51e5ce4b1a96ecf41a802b787aad1674, type: 2}
    - target: {fileID: 1821227470888810177, guid: bea9c2bebc41e144abf6725bbd6485f4, type: 3}
      propertyPath: m_Materials.Array.data[0]
      value: 
      objectReference: {fileID: 2100000, guid: 51e5ce4b1a96ecf41a802b787aad1674, type: 2}
    - target: {fileID: 1821227470921499657, guid: bea9c2bebc41e144abf6725bbd6485f4, type: 3}
      propertyPath: m_Materials.Array.data[0]
      value: 
      objectReference: {fileID: 2100000, guid: ca99120459efa884aa7d57618af04703, type: 2}
    - target: {fileID: 1821227470940299712, guid: bea9c2bebc41e144abf6725bbd6485f4, type: 3}
      propertyPath: m_Materials.Array.data[0]
      value: 
      objectReference: {fileID: 2100000, guid: ab037864e3ab77e45af66143b479a002, type: 2}
    - target: {fileID: 1821227470940299727, guid: bea9c2bebc41e144abf6725bbd6485f4, type: 3}
      propertyPath: m_StaticEditorFlags
      value: 8
      objectReference: {fileID: 0}
    - target: {fileID: 1821227470965616700, guid: bea9c2bebc41e144abf6725bbd6485f4, type: 3}
      propertyPath: m_Materials.Array.data[0]
      value: 
      objectReference: {fileID: 2100000, guid: 51e5ce4b1a96ecf41a802b787aad1674, type: 2}
    - target: {fileID: 1821227470973370489, guid: bea9c2bebc41e144abf6725bbd6485f4, type: 3}
      propertyPath: m_Materials.Array.data[0]
      value: 
      objectReference: {fileID: 2100000, guid: ca99120459efa884aa7d57618af04703, type: 2}
    - target: {fileID: 1821227470998982818, guid: bea9c2bebc41e144abf6725bbd6485f4, type: 3}
      propertyPath: m_Materials.Array.data[0]
      value: 
      objectReference: {fileID: 2100000, guid: ca99120459efa884aa7d57618af04703, type: 2}
    - target: {fileID: 1821227471040643332, guid: bea9c2bebc41e144abf6725bbd6485f4, type: 3}
      propertyPath: m_StaticEditorFlags
      value: 8
      objectReference: {fileID: 0}
    - target: {fileID: 1821227471040643353, guid: bea9c2bebc41e144abf6725bbd6485f4, type: 3}
      propertyPath: m_Materials.Array.data[0]
      value: 
      objectReference: {fileID: 2100000, guid: ab037864e3ab77e45af66143b479a002, type: 2}
    - target: {fileID: 1821227471062072963, guid: bea9c2bebc41e144abf6725bbd6485f4, type: 3}
      propertyPath: m_Materials.Array.data[0]
      value: 
      objectReference: {fileID: 2100000, guid: ab037864e3ab77e45af66143b479a002, type: 2}
    - target: {fileID: 1821227471062072974, guid: bea9c2bebc41e144abf6725bbd6485f4, type: 3}
      propertyPath: m_StaticEditorFlags
      value: 8
      objectReference: {fileID: 0}
    - target: {fileID: 1821227471082754715, guid: bea9c2bebc41e144abf6725bbd6485f4, type: 3}
      propertyPath: m_Name
      value: Plane_Level_One
      objectReference: {fileID: 0}
    - target: {fileID: 1821227471082754717, guid: bea9c2bebc41e144abf6725bbd6485f4, type: 3}
      propertyPath: m_Materials.Array.data[0]
      value: 
      objectReference: {fileID: 2100000, guid: 6653ec14665cad74c9a0efe5b9377afc, type: 2}
    - target: {fileID: 1821227471082754719, guid: bea9c2bebc41e144abf6725bbd6485f4, type: 3}
      propertyPath: m_RootOrder
      value: 7
      objectReference: {fileID: 0}
    - target: {fileID: 1821227471082754719, guid: bea9c2bebc41e144abf6725bbd6485f4, type: 3}
      propertyPath: m_LocalPosition.x
      value: -3.0363
      objectReference: {fileID: 0}
    - target: {fileID: 1821227471082754719, guid: bea9c2bebc41e144abf6725bbd6485f4, type: 3}
      propertyPath: m_LocalPosition.y
      value: 0
      objectReference: {fileID: 0}
    - target: {fileID: 1821227471082754719, guid: bea9c2bebc41e144abf6725bbd6485f4, type: 3}
      propertyPath: m_LocalPosition.z
      value: -38.8346
      objectReference: {fileID: 0}
    - target: {fileID: 1821227471082754719, guid: bea9c2bebc41e144abf6725bbd6485f4, type: 3}
      propertyPath: m_LocalRotation.w
      value: 1
      objectReference: {fileID: 0}
    - target: {fileID: 1821227471082754719, guid: bea9c2bebc41e144abf6725bbd6485f4, type: 3}
      propertyPath: m_LocalRotation.x
      value: 0
      objectReference: {fileID: 0}
    - target: {fileID: 1821227471082754719, guid: bea9c2bebc41e144abf6725bbd6485f4, type: 3}
      propertyPath: m_LocalRotation.y
      value: 0
      objectReference: {fileID: 0}
    - target: {fileID: 1821227471082754719, guid: bea9c2bebc41e144abf6725bbd6485f4, type: 3}
      propertyPath: m_LocalRotation.z
      value: 0
      objectReference: {fileID: 0}
    - target: {fileID: 1821227471082754719, guid: bea9c2bebc41e144abf6725bbd6485f4, type: 3}
      propertyPath: m_LocalEulerAnglesHint.x
      value: 0
      objectReference: {fileID: 0}
    - target: {fileID: 1821227471082754719, guid: bea9c2bebc41e144abf6725bbd6485f4, type: 3}
      propertyPath: m_LocalEulerAnglesHint.y
      value: 0
      objectReference: {fileID: 0}
    - target: {fileID: 1821227471082754719, guid: bea9c2bebc41e144abf6725bbd6485f4, type: 3}
      propertyPath: m_LocalEulerAnglesHint.z
      value: 0
      objectReference: {fileID: 0}
    - target: {fileID: 1821227471112950863, guid: bea9c2bebc41e144abf6725bbd6485f4, type: 3}
      propertyPath: m_Materials.Array.data[0]
      value: 
      objectReference: {fileID: 2100000, guid: 51e5ce4b1a96ecf41a802b787aad1674, type: 2}
    - target: {fileID: 1821227471208593337, guid: bea9c2bebc41e144abf6725bbd6485f4, type: 3}
      propertyPath: m_Materials.Array.data[0]
      value: 
      objectReference: {fileID: 2100000, guid: ca99120459efa884aa7d57618af04703, type: 2}
    - target: {fileID: 1821227471263177848, guid: bea9c2bebc41e144abf6725bbd6485f4, type: 3}
      propertyPath: m_Materials.Array.data[0]
      value: 
      objectReference: {fileID: 2100000, guid: 51e5ce4b1a96ecf41a802b787aad1674, type: 2}
    - target: {fileID: 1821227471340189483, guid: bea9c2bebc41e144abf6725bbd6485f4, type: 3}
      propertyPath: m_Materials.Array.data[0]
      value: 
      objectReference: {fileID: 2100000, guid: 51e5ce4b1a96ecf41a802b787aad1674, type: 2}
    - target: {fileID: 1821227471389302145, guid: bea9c2bebc41e144abf6725bbd6485f4, type: 3}
      propertyPath: m_StaticEditorFlags
      value: 8
      objectReference: {fileID: 0}
    - target: {fileID: 1821227471389302146, guid: bea9c2bebc41e144abf6725bbd6485f4, type: 3}
      propertyPath: m_Materials.Array.data[0]
      value: 
      objectReference: {fileID: 2100000, guid: ab037864e3ab77e45af66143b479a002, type: 2}
    - target: {fileID: 1821227471481892733, guid: bea9c2bebc41e144abf6725bbd6485f4, type: 3}
      propertyPath: m_Materials.Array.data[0]
      value: 
      objectReference: {fileID: 2100000, guid: 51e5ce4b1a96ecf41a802b787aad1674, type: 2}
    - target: {fileID: 1821227471493157455, guid: bea9c2bebc41e144abf6725bbd6485f4, type: 3}
      propertyPath: m_Materials.Array.data[0]
      value: 
      objectReference: {fileID: 2100000, guid: 51e5ce4b1a96ecf41a802b787aad1674, type: 2}
    - target: {fileID: 1821227471525394484, guid: bea9c2bebc41e144abf6725bbd6485f4, type: 3}
      propertyPath: m_Materials.Array.data[0]
      value: 
      objectReference: {fileID: 2100000, guid: 51e5ce4b1a96ecf41a802b787aad1674, type: 2}
    - target: {fileID: 1821227471542219836, guid: bea9c2bebc41e144abf6725bbd6485f4, type: 3}
      propertyPath: m_Materials.Array.data[0]
      value: 
      objectReference: {fileID: 2100000, guid: ca99120459efa884aa7d57618af04703, type: 2}
    - target: {fileID: 1821227471561173761, guid: bea9c2bebc41e144abf6725bbd6485f4, type: 3}
      propertyPath: m_Materials.Array.data[0]
      value: 
      objectReference: {fileID: 2100000, guid: 51e5ce4b1a96ecf41a802b787aad1674, type: 2}
    - target: {fileID: 1821227471677561320, guid: bea9c2bebc41e144abf6725bbd6485f4, type: 3}
      propertyPath: m_Materials.Array.data[0]
      value: 
      objectReference: {fileID: 2100000, guid: ca99120459efa884aa7d57618af04703, type: 2}
    - target: {fileID: 1821227471709025820, guid: bea9c2bebc41e144abf6725bbd6485f4, type: 3}
      propertyPath: m_Materials.Array.data[0]
      value: 
      objectReference: {fileID: 2100000, guid: 51e5ce4b1a96ecf41a802b787aad1674, type: 2}
    - target: {fileID: 1821227471797242223, guid: bea9c2bebc41e144abf6725bbd6485f4, type: 3}
      propertyPath: m_Materials.Array.data[0]
      value: 
      objectReference: {fileID: 2100000, guid: 51e5ce4b1a96ecf41a802b787aad1674, type: 2}
    m_RemovedComponents: []
  m_SourcePrefab: {fileID: 100100000, guid: bea9c2bebc41e144abf6725bbd6485f4, type: 3}
--- !u!1 &1039917334 stripped
GameObject:
  m_CorrespondingSourceObject: {fileID: 1821227469857801077, guid: bea9c2bebc41e144abf6725bbd6485f4, type: 3}
  m_PrefabInstance: {fileID: 1039917332}
  m_PrefabAsset: {fileID: 0}
--- !u!1 &1039917336 stripped
GameObject:
  m_CorrespondingSourceObject: {fileID: 1821227470973370468, guid: bea9c2bebc41e144abf6725bbd6485f4, type: 3}
  m_PrefabInstance: {fileID: 1039917332}
  m_PrefabAsset: {fileID: 0}
--- !u!1 &1039917338 stripped
GameObject:
  m_CorrespondingSourceObject: {fileID: 1821227470279021834, guid: bea9c2bebc41e144abf6725bbd6485f4, type: 3}
  m_PrefabInstance: {fileID: 1039917332}
  m_PrefabAsset: {fileID: 0}
--- !u!1 &1039917340 stripped
GameObject:
  m_CorrespondingSourceObject: {fileID: 1821227470351922720, guid: bea9c2bebc41e144abf6725bbd6485f4, type: 3}
  m_PrefabInstance: {fileID: 1039917332}
  m_PrefabAsset: {fileID: 0}
--- !u!1 &1039917342 stripped
GameObject:
  m_CorrespondingSourceObject: {fileID: 1821227470998982817, guid: bea9c2bebc41e144abf6725bbd6485f4, type: 3}
  m_PrefabInstance: {fileID: 1039917332}
  m_PrefabAsset: {fileID: 0}
--- !u!1 &1039917344 stripped
GameObject:
  m_CorrespondingSourceObject: {fileID: 1821227470921499700, guid: bea9c2bebc41e144abf6725bbd6485f4, type: 3}
  m_PrefabInstance: {fileID: 1039917332}
  m_PrefabAsset: {fileID: 0}
--- !u!1 &1039917346 stripped
GameObject:
  m_CorrespondingSourceObject: {fileID: 1821227471677561367, guid: bea9c2bebc41e144abf6725bbd6485f4, type: 3}
  m_PrefabInstance: {fileID: 1039917332}
  m_PrefabAsset: {fileID: 0}
--- !u!1 &1039917348 stripped
GameObject:
  m_CorrespondingSourceObject: {fileID: 1821227471542219835, guid: bea9c2bebc41e144abf6725bbd6485f4, type: 3}
  m_PrefabInstance: {fileID: 1039917332}
  m_PrefabAsset: {fileID: 0}
--- !u!1 &1039917350 stripped
GameObject:
  m_CorrespondingSourceObject: {fileID: 1821227471208593319, guid: bea9c2bebc41e144abf6725bbd6485f4, type: 3}
  m_PrefabInstance: {fileID: 1039917332}
  m_PrefabAsset: {fileID: 0}
--- !u!114 &1039917351
MonoBehaviour:
  m_ObjectHideFlags: 0
  m_CorrespondingSourceObject: {fileID: 0}
  m_PrefabInstance: {fileID: 0}
  m_PrefabAsset: {fileID: 0}
  m_GameObject: {fileID: 1039917334}
  m_Enabled: 1
  m_EditorHideFlags: 0
  m_Script: {fileID: 11500000, guid: 506b6be486f17c24184f27e9b063d004, type: 3}
  m_Name: 
  m_EditorClassIdentifier: 
  _platform: {fileID: 0}
--- !u!114 &1039917352
MonoBehaviour:
  m_ObjectHideFlags: 0
  m_CorrespondingSourceObject: {fileID: 0}
  m_PrefabInstance: {fileID: 0}
  m_PrefabAsset: {fileID: 0}
  m_GameObject: {fileID: 1039917336}
  m_Enabled: 1
  m_EditorHideFlags: 0
  m_Script: {fileID: 11500000, guid: 506b6be486f17c24184f27e9b063d004, type: 3}
  m_Name: 
  m_EditorClassIdentifier: 
  _platform: {fileID: 0}
--- !u!114 &1039917353
MonoBehaviour:
  m_ObjectHideFlags: 0
  m_CorrespondingSourceObject: {fileID: 0}
  m_PrefabInstance: {fileID: 0}
  m_PrefabAsset: {fileID: 0}
  m_GameObject: {fileID: 1039917338}
  m_Enabled: 1
  m_EditorHideFlags: 0
  m_Script: {fileID: 11500000, guid: 506b6be486f17c24184f27e9b063d004, type: 3}
  m_Name: 
  m_EditorClassIdentifier: 
  _platform: {fileID: 0}
--- !u!114 &1039917354
MonoBehaviour:
  m_ObjectHideFlags: 0
  m_CorrespondingSourceObject: {fileID: 0}
  m_PrefabInstance: {fileID: 0}
  m_PrefabAsset: {fileID: 0}
  m_GameObject: {fileID: 1039917340}
  m_Enabled: 1
  m_EditorHideFlags: 0
  m_Script: {fileID: 11500000, guid: 506b6be486f17c24184f27e9b063d004, type: 3}
  m_Name: 
  m_EditorClassIdentifier: 
  _platform: {fileID: 0}
--- !u!114 &1039917355
MonoBehaviour:
  m_ObjectHideFlags: 0
  m_CorrespondingSourceObject: {fileID: 0}
  m_PrefabInstance: {fileID: 0}
  m_PrefabAsset: {fileID: 0}
  m_GameObject: {fileID: 1039917342}
  m_Enabled: 1
  m_EditorHideFlags: 0
  m_Script: {fileID: 11500000, guid: 506b6be486f17c24184f27e9b063d004, type: 3}
  m_Name: 
  m_EditorClassIdentifier: 
  _platform: {fileID: 0}
--- !u!114 &1039917356
MonoBehaviour:
  m_ObjectHideFlags: 0
  m_CorrespondingSourceObject: {fileID: 0}
  m_PrefabInstance: {fileID: 0}
  m_PrefabAsset: {fileID: 0}
  m_GameObject: {fileID: 1039917344}
  m_Enabled: 1
  m_EditorHideFlags: 0
  m_Script: {fileID: 11500000, guid: 506b6be486f17c24184f27e9b063d004, type: 3}
  m_Name: 
  m_EditorClassIdentifier: 
  _platform: {fileID: 0}
--- !u!114 &1039917357
MonoBehaviour:
  m_ObjectHideFlags: 0
  m_CorrespondingSourceObject: {fileID: 0}
  m_PrefabInstance: {fileID: 0}
  m_PrefabAsset: {fileID: 0}
  m_GameObject: {fileID: 1039917346}
  m_Enabled: 1
  m_EditorHideFlags: 0
  m_Script: {fileID: 11500000, guid: 506b6be486f17c24184f27e9b063d004, type: 3}
  m_Name: 
  m_EditorClassIdentifier: 
  _platform: {fileID: 0}
--- !u!114 &1039917358
MonoBehaviour:
  m_ObjectHideFlags: 0
  m_CorrespondingSourceObject: {fileID: 0}
  m_PrefabInstance: {fileID: 0}
  m_PrefabAsset: {fileID: 0}
  m_GameObject: {fileID: 1039917348}
  m_Enabled: 1
  m_EditorHideFlags: 0
  m_Script: {fileID: 11500000, guid: 506b6be486f17c24184f27e9b063d004, type: 3}
  m_Name: 
  m_EditorClassIdentifier: 
  _platform: {fileID: 0}
--- !u!114 &1039917359
MonoBehaviour:
  m_ObjectHideFlags: 0
  m_CorrespondingSourceObject: {fileID: 0}
  m_PrefabInstance: {fileID: 0}
  m_PrefabAsset: {fileID: 0}
  m_GameObject: {fileID: 1039917350}
  m_Enabled: 1
  m_EditorHideFlags: 0
  m_Script: {fileID: 11500000, guid: 506b6be486f17c24184f27e9b063d004, type: 3}
  m_Name: 
  m_EditorClassIdentifier: 
  _platform: {fileID: 0}
--- !u!1 &1059384643
GameObject:
  m_ObjectHideFlags: 0
  m_CorrespondingSourceObject: {fileID: 0}
  m_PrefabInstance: {fileID: 0}
  m_PrefabAsset: {fileID: 0}
  serializedVersion: 6
  m_Component:
  - component: {fileID: 1059384646}
  - component: {fileID: 1059384645}
  - component: {fileID: 1059384644}
  m_Layer: 0
  m_Name: Main Camera
  m_TagString: MainCamera
  m_Icon: {fileID: 0}
  m_NavMeshLayer: 0
  m_StaticEditorFlags: 0
  m_IsActive: 1
--- !u!81 &1059384644
AudioListener:
  m_ObjectHideFlags: 0
  m_CorrespondingSourceObject: {fileID: 0}
  m_PrefabInstance: {fileID: 0}
  m_PrefabAsset: {fileID: 0}
  m_GameObject: {fileID: 1059384643}
  m_Enabled: 1
--- !u!20 &1059384645
Camera:
  m_ObjectHideFlags: 0
  m_CorrespondingSourceObject: {fileID: 0}
  m_PrefabInstance: {fileID: 0}
  m_PrefabAsset: {fileID: 0}
  m_GameObject: {fileID: 1059384643}
  m_Enabled: 1
  serializedVersion: 2
  m_ClearFlags: 1
  m_BackGroundColor: {r: 0.19215687, g: 0.3019608, b: 0.4745098, a: 0}
  m_projectionMatrixMode: 1
  m_GateFitMode: 2
  m_FOVAxisMode: 0
  m_SensorSize: {x: 36, y: 24}
  m_LensShift: {x: 0, y: 0}
  m_FocalLength: 50
  m_NormalizedViewPortRect:
    serializedVersion: 2
    x: 0
    y: 0
    width: 1
    height: 1
  near clip plane: 0.3
  far clip plane: 1000
  field of view: 60
  orthographic: 0
  orthographic size: 5
  m_Depth: -1
  m_CullingMask:
    serializedVersion: 2
    m_Bits: 4294967295
  m_RenderingPath: -1
  m_TargetTexture: {fileID: 0}
  m_TargetDisplay: 0
  m_TargetEye: 3
  m_HDR: 1
  m_AllowMSAA: 1
  m_AllowDynamicResolution: 0
  m_ForceIntoRT: 0
  m_OcclusionCulling: 1
  m_StereoConvergence: 10
  m_StereoSeparation: 0.022
--- !u!4 &1059384646
Transform:
  m_ObjectHideFlags: 0
  m_CorrespondingSourceObject: {fileID: 0}
  m_PrefabInstance: {fileID: 0}
  m_PrefabAsset: {fileID: 0}
  m_GameObject: {fileID: 1059384643}
  m_LocalRotation: {x: 0, y: 0, z: 0, w: 1}
  m_LocalPosition: {x: 0, y: 1, z: -10}
  m_LocalScale: {x: 1, y: 1, z: 1}
  m_Children: []
  m_Father: {fileID: 0}
  m_RootOrder: 0
  m_LocalEulerAnglesHint: {x: 0, y: 0, z: 0}
--- !u!1 &1124048000
GameObject:
  m_ObjectHideFlags: 0
  m_CorrespondingSourceObject: {fileID: 0}
  m_PrefabInstance: {fileID: 0}
  m_PrefabAsset: {fileID: 0}
  serializedVersion: 6
  m_Component:
  - component: {fileID: 1124048002}
  - component: {fileID: 1124048001}
  m_Layer: 0
  m_Name: Directional Light
  m_TagString: Untagged
  m_Icon: {fileID: 0}
  m_NavMeshLayer: 0
  m_StaticEditorFlags: 0
  m_IsActive: 1
--- !u!108 &1124048001
Light:
  m_ObjectHideFlags: 0
  m_CorrespondingSourceObject: {fileID: 0}
  m_PrefabInstance: {fileID: 0}
  m_PrefabAsset: {fileID: 0}
  m_GameObject: {fileID: 1124048000}
  m_Enabled: 1
  serializedVersion: 10
  m_Type: 1
  m_Shape: 0
  m_Color: {r: 1, g: 0.95686275, b: 0.8392157, a: 1}
  m_Intensity: 1
  m_Range: 10
  m_SpotAngle: 30
  m_InnerSpotAngle: 21.80208
  m_CookieSize: 10
  m_Shadows:
    m_Type: 2
    m_Resolution: -1
    m_CustomResolution: -1
    m_Strength: 1
    m_Bias: 0.05
    m_NormalBias: 0.4
    m_NearPlane: 0.2
    m_CullingMatrixOverride:
      e00: 1
      e01: 0
      e02: 0
      e03: 0
      e10: 0
      e11: 1
      e12: 0
      e13: 0
      e20: 0
      e21: 0
      e22: 1
      e23: 0
      e30: 0
      e31: 0
      e32: 0
      e33: 1
    m_UseCullingMatrixOverride: 0
  m_Cookie: {fileID: 0}
  m_DrawHalo: 0
  m_Flare: {fileID: 0}
  m_RenderMode: 0
  m_CullingMask:
    serializedVersion: 2
    m_Bits: 4294967295
  m_RenderingLayerMask: 1
  m_Lightmapping: 4
  m_LightShadowCasterMode: 0
  m_AreaSize: {x: 1, y: 1}
  m_BounceIntensity: 1
  m_ColorTemperature: 6570
  m_UseColorTemperature: 0
  m_BoundingSphereOverride: {x: 0, y: 0, z: 0, w: 0}
  m_UseBoundingSphereOverride: 0
  m_UseViewFrustumForShadowCasterCull: 1
  m_ShadowRadius: 0
  m_ShadowAngle: 0
--- !u!4 &1124048002
Transform:
  m_ObjectHideFlags: 0
  m_CorrespondingSourceObject: {fileID: 0}
  m_PrefabInstance: {fileID: 0}
  m_PrefabAsset: {fileID: 0}
  m_GameObject: {fileID: 1124048000}
  m_LocalRotation: {x: 0.40821788, y: -0.23456968, z: 0.10938163, w: 0.8754261}
  m_LocalPosition: {x: 0, y: 3, z: 0}
  m_LocalScale: {x: 1, y: 1, z: 1}
  m_Children: []
  m_Father: {fileID: 0}
  m_RootOrder: 2
  m_LocalEulerAnglesHint: {x: 50, y: -30, z: 0}
--- !u!1001 &1145122912
PrefabInstance:
  m_ObjectHideFlags: 0
  serializedVersion: 2
  m_Modification:
    m_TransformParent: {fileID: 0}
    m_Modifications:
    - target: {fileID: 8587867401296841492, guid: 4e53eff69f9f374488b60c4caeee631b, type: 3}
      propertyPath: m_Pivot.x
      value: 0
      objectReference: {fileID: 0}
    - target: {fileID: 8587867401296841492, guid: 4e53eff69f9f374488b60c4caeee631b, type: 3}
      propertyPath: m_Pivot.y
      value: 0
      objectReference: {fileID: 0}
    - target: {fileID: 8587867401296841492, guid: 4e53eff69f9f374488b60c4caeee631b, type: 3}
      propertyPath: m_RootOrder
      value: 5
      objectReference: {fileID: 0}
    - target: {fileID: 8587867401296841492, guid: 4e53eff69f9f374488b60c4caeee631b, type: 3}
      propertyPath: m_AnchorMax.x
      value: 0
      objectReference: {fileID: 0}
    - target: {fileID: 8587867401296841492, guid: 4e53eff69f9f374488b60c4caeee631b, type: 3}
      propertyPath: m_AnchorMax.y
      value: 0
      objectReference: {fileID: 0}
    - target: {fileID: 8587867401296841492, guid: 4e53eff69f9f374488b60c4caeee631b, type: 3}
      propertyPath: m_AnchorMin.x
      value: 0
      objectReference: {fileID: 0}
    - target: {fileID: 8587867401296841492, guid: 4e53eff69f9f374488b60c4caeee631b, type: 3}
      propertyPath: m_AnchorMin.y
      value: 0
      objectReference: {fileID: 0}
    - target: {fileID: 8587867401296841492, guid: 4e53eff69f9f374488b60c4caeee631b, type: 3}
      propertyPath: m_SizeDelta.x
      value: 0
      objectReference: {fileID: 0}
    - target: {fileID: 8587867401296841492, guid: 4e53eff69f9f374488b60c4caeee631b, type: 3}
      propertyPath: m_SizeDelta.y
      value: 0
      objectReference: {fileID: 0}
    - target: {fileID: 8587867401296841492, guid: 4e53eff69f9f374488b60c4caeee631b, type: 3}
      propertyPath: m_LocalPosition.x
      value: 0
      objectReference: {fileID: 0}
    - target: {fileID: 8587867401296841492, guid: 4e53eff69f9f374488b60c4caeee631b, type: 3}
      propertyPath: m_LocalPosition.y
      value: 0
      objectReference: {fileID: 0}
    - target: {fileID: 8587867401296841492, guid: 4e53eff69f9f374488b60c4caeee631b, type: 3}
      propertyPath: m_LocalPosition.z
      value: 0
      objectReference: {fileID: 0}
    - target: {fileID: 8587867401296841492, guid: 4e53eff69f9f374488b60c4caeee631b, type: 3}
      propertyPath: m_LocalRotation.w
      value: 1
      objectReference: {fileID: 0}
    - target: {fileID: 8587867401296841492, guid: 4e53eff69f9f374488b60c4caeee631b, type: 3}
      propertyPath: m_LocalRotation.x
      value: 0
      objectReference: {fileID: 0}
    - target: {fileID: 8587867401296841492, guid: 4e53eff69f9f374488b60c4caeee631b, type: 3}
      propertyPath: m_LocalRotation.y
      value: 0
      objectReference: {fileID: 0}
    - target: {fileID: 8587867401296841492, guid: 4e53eff69f9f374488b60c4caeee631b, type: 3}
      propertyPath: m_LocalRotation.z
      value: 0
      objectReference: {fileID: 0}
    - target: {fileID: 8587867401296841492, guid: 4e53eff69f9f374488b60c4caeee631b, type: 3}
      propertyPath: m_AnchoredPosition.x
      value: 0
      objectReference: {fileID: 0}
    - target: {fileID: 8587867401296841492, guid: 4e53eff69f9f374488b60c4caeee631b, type: 3}
      propertyPath: m_AnchoredPosition.y
      value: 0
      objectReference: {fileID: 0}
    - target: {fileID: 8587867401296841492, guid: 4e53eff69f9f374488b60c4caeee631b, type: 3}
      propertyPath: m_LocalEulerAnglesHint.x
      value: 0
      objectReference: {fileID: 0}
    - target: {fileID: 8587867401296841492, guid: 4e53eff69f9f374488b60c4caeee631b, type: 3}
      propertyPath: m_LocalEulerAnglesHint.y
      value: 0
      objectReference: {fileID: 0}
    - target: {fileID: 8587867401296841492, guid: 4e53eff69f9f374488b60c4caeee631b, type: 3}
      propertyPath: m_LocalEulerAnglesHint.z
      value: 0
      objectReference: {fileID: 0}
    - target: {fileID: 8587867401296841496, guid: 4e53eff69f9f374488b60c4caeee631b, type: 3}
      propertyPath: m_Name
      value: Menu_Victory
      objectReference: {fileID: 0}
    - target: {fileID: 8587867401296841496, guid: 4e53eff69f9f374488b60c4caeee631b, type: 3}
      propertyPath: m_IsActive
      value: 0
      objectReference: {fileID: 0}
    m_RemovedComponents: []
  m_SourcePrefab: {fileID: 100100000, guid: 4e53eff69f9f374488b60c4caeee631b, type: 3}
--- !u!1001 &2071772290
PrefabInstance:
  m_ObjectHideFlags: 0
  serializedVersion: 2
  m_Modification:
    m_TransformParent: {fileID: 0}
    m_Modifications:
    - target: {fileID: 8900286706095722955, guid: bad8b60fa6b035942bbf42dd385b13ca, type: 3}
      propertyPath: m_Pivot.x
      value: 0
      objectReference: {fileID: 0}
    - target: {fileID: 8900286706095722955, guid: bad8b60fa6b035942bbf42dd385b13ca, type: 3}
      propertyPath: m_Pivot.y
      value: 0
      objectReference: {fileID: 0}
    - target: {fileID: 8900286706095722955, guid: bad8b60fa6b035942bbf42dd385b13ca, type: 3}
      propertyPath: m_RootOrder
      value: 6
      objectReference: {fileID: 0}
    - target: {fileID: 8900286706095722955, guid: bad8b60fa6b035942bbf42dd385b13ca, type: 3}
      propertyPath: m_AnchorMax.x
      value: 0
      objectReference: {fileID: 0}
    - target: {fileID: 8900286706095722955, guid: bad8b60fa6b035942bbf42dd385b13ca, type: 3}
      propertyPath: m_AnchorMax.y
      value: 0
      objectReference: {fileID: 0}
    - target: {fileID: 8900286706095722955, guid: bad8b60fa6b035942bbf42dd385b13ca, type: 3}
      propertyPath: m_AnchorMin.x
      value: 0
      objectReference: {fileID: 0}
    - target: {fileID: 8900286706095722955, guid: bad8b60fa6b035942bbf42dd385b13ca, type: 3}
      propertyPath: m_AnchorMin.y
      value: 0
      objectReference: {fileID: 0}
    - target: {fileID: 8900286706095722955, guid: bad8b60fa6b035942bbf42dd385b13ca, type: 3}
      propertyPath: m_SizeDelta.x
      value: 0
      objectReference: {fileID: 0}
    - target: {fileID: 8900286706095722955, guid: bad8b60fa6b035942bbf42dd385b13ca, type: 3}
      propertyPath: m_SizeDelta.y
      value: 0
      objectReference: {fileID: 0}
    - target: {fileID: 8900286706095722955, guid: bad8b60fa6b035942bbf42dd385b13ca, type: 3}
      propertyPath: m_LocalPosition.x
      value: 0
      objectReference: {fileID: 0}
    - target: {fileID: 8900286706095722955, guid: bad8b60fa6b035942bbf42dd385b13ca, type: 3}
      propertyPath: m_LocalPosition.y
      value: 0
      objectReference: {fileID: 0}
    - target: {fileID: 8900286706095722955, guid: bad8b60fa6b035942bbf42dd385b13ca, type: 3}
      propertyPath: m_LocalPosition.z
      value: 0
      objectReference: {fileID: 0}
    - target: {fileID: 8900286706095722955, guid: bad8b60fa6b035942bbf42dd385b13ca, type: 3}
      propertyPath: m_LocalRotation.w
      value: 1
      objectReference: {fileID: 0}
    - target: {fileID: 8900286706095722955, guid: bad8b60fa6b035942bbf42dd385b13ca, type: 3}
      propertyPath: m_LocalRotation.x
      value: 0
      objectReference: {fileID: 0}
    - target: {fileID: 8900286706095722955, guid: bad8b60fa6b035942bbf42dd385b13ca, type: 3}
      propertyPath: m_LocalRotation.y
      value: 0
      objectReference: {fileID: 0}
    - target: {fileID: 8900286706095722955, guid: bad8b60fa6b035942bbf42dd385b13ca, type: 3}
      propertyPath: m_LocalRotation.z
      value: 0
      objectReference: {fileID: 0}
    - target: {fileID: 8900286706095722955, guid: bad8b60fa6b035942bbf42dd385b13ca, type: 3}
      propertyPath: m_AnchoredPosition.x
      value: 0
      objectReference: {fileID: 0}
    - target: {fileID: 8900286706095722955, guid: bad8b60fa6b035942bbf42dd385b13ca, type: 3}
      propertyPath: m_AnchoredPosition.y
      value: 0
      objectReference: {fileID: 0}
    - target: {fileID: 8900286706095722955, guid: bad8b60fa6b035942bbf42dd385b13ca, type: 3}
      propertyPath: m_LocalEulerAnglesHint.x
      value: 0
      objectReference: {fileID: 0}
    - target: {fileID: 8900286706095722955, guid: bad8b60fa6b035942bbf42dd385b13ca, type: 3}
      propertyPath: m_LocalEulerAnglesHint.y
      value: 0
      objectReference: {fileID: 0}
    - target: {fileID: 8900286706095722955, guid: bad8b60fa6b035942bbf42dd385b13ca, type: 3}
      propertyPath: m_LocalEulerAnglesHint.z
      value: 0
      objectReference: {fileID: 0}
    - target: {fileID: 8900286706095722959, guid: bad8b60fa6b035942bbf42dd385b13ca, type: 3}
      propertyPath: m_Name
      value: Mode_Play
      objectReference: {fileID: 0}
    m_RemovedComponents: []
  m_SourcePrefab: {fileID: 100100000, guid: bad8b60fa6b035942bbf42dd385b13ca, type: 3}
